@article{bourdon2017monitoring,
  title={Monitoring athlete training loads: consensus statement},
  author={Bourdon, Pitre C and Cardinale, Marco and Murray, Andrew and Gastin, Paul and Kellmann, Michael and Varley, Matthew C and Gabbett, Tim J and Coutts, Aaron J and Burgess, Darren J and Gregson, Warren and others},
  journal={International journal of sports physiology and performance},
  volume={12},
  number={s2},
  pages={S2--161},
  year={2017},
  publisher={Human Kinetics, Inc.}
}
@article{hassmen1990perceptual,
  title={Perceptual and physiological responses to cycling and running in groups of trained and untrained subjects},
  author={Hassm{\'e}n, Peter},
  journal={European journal of applied physiology and occupational physiology},
  volume={60},
  pages={445--451},
  year={1990},
  publisher={Springer}
}
@article{lambert2010measuring,
  title={Measuring training load in sports},
  author={Lambert, Michael Ian and Borresen, Jill},
  journal={International journal of sports physiology and performance},
  volume={5},
  number={3},
  pages={406--411},
  year={2010},
  publisher={Human Kinetics, Inc.}
}
@misc{StravaSufferScore,
  title={Suffer Score: How Hard is Hard?},
  author={Strava},
  howpublished ="\url{https://blog.strava.com/suffer-score-how-hard-is-hard-11775/}",
  year={2016},
  note="Accessed: 2023-04-24"
}
@article{roos2013monitoring,
  title={Monitoring of daily training load and training load responses in endurance sports: what do coaches want?},
  author={Roos, Lilian and Taube, Wolfgang and Brandt, Monika and Heyer, Louis and Wyss, Thomas},
  journal={Schweizerische Zeitschrift f{\"u}r Sportmedizin und Sporttraumatologie},
  volume={61},
  number={4},
  pages={30--36},
  year={2013},
  publisher={Rubmedia}
}
